@misc{tras_sys_calls,
	title="Руководство по трассировке системных событий в Linux [Электронный ресурс]",
	howpublished="Режим доступа: \url{https://www.kernel.org/doc/Documentation/trace/events.txt} (дата обращения: 1.12.2022).",
}

@misc{tras_ftrace,
	title="Перехват функций в ядре Linux с помощью ftrace [Электронный ресурс]",
	howpublished="Режим доступа: \url{https://habr.com/ru/post/413241/} (дата обращения: 2.12.2022).",
}

@misc{core_ftrace,
	title="Трассировка ядра с ftrace [Электронный ресурс]",
	howpublished="Режим доступа: \url{https://habr.com/ru/company/selectel/blog/280322/} (дата обращения: 4.12.2022).",
}

@misc{docs_ftrace,
	title="Документация ftrace [Электронный ресурс]",
	howpublished="Режим доступа: \url{https://www.kernel.org/doc/Documentation/trace/ftrace.txt} (дата обращения: 5.12.2022).",
}

@misc{linux_core,
	title="Исходные коды ядра Linux [Электронный ресурс]",
	howpublished="Режим доступа: \url{https://github.com/torvalds/linux} (дата обращения: 15.12.2022).",
}

@misc{grafana,
	title="Документация к Grafana [Электронный ресурс]",
	howpublished="Режим доступа: \url{https://grafana.com/docs/grafana/latest/} (дата обращения: 10.12.2022).",
}

@misc{loki,
	title="Документация к Loki [Электронный ресурс]",
	howpublished="Режим доступа: \url{https://grafana.com/docs/loki/latest/} (дата обращения: 12.12.2022).",
}

@misc{loki_logs,
	title="Loki -- сбор логов, используя подход Prometheus [Электронный ресурс]",
	howpublished="Режим доступа: \url{https://habr.com/ru/company/otus/blog/487118/} (дата обращения: 11.12.2022).",
}

@misc{linux_drivers,
	title="Jessica McKellar Alessandro Rubini, Jonathan Corbet Greg Kroah-Hartman. Linux Device Drivers / Jonathan Corbet Greg Kroah-Hartman Jessica McKellar, Alessandro Rubini. — O’Reilly Media, 2016.",
}

@misc{c-language,
	title="C99 standard note [Электронный ресурс]",
	howpublished="Режим доступа: \url{http://www.open-std.org/jtc1/sc22/wg14/www/docs/n1256.pdf} (дата обращения: 13.12.2022)"
}

@misc{gcc,
	title="GCC, the GNU Compiler Collection [Электронный ресурс]",
	howpublished="Режим доступа: \url{https://gcc.gnu.org/} (дата обращения: 13.12.2022)"
}

@misc{vscode,
	title="Visual Studio Code - Code Editing. Redefined [Электронный ресурс]",
	howpublished="Режим доступа: \url{https://code.visualstudio.com} (дата обращения: 13.12.2022)"
}